@ONLINE{9poolvprotoss,
	title = {9 Pool (vs. Protoss)},
	urldate = {2013-12-04},
	url = {http://wiki.teamliquid.net/starcraft/9_Pool_(vs._Protoss)}
}
@ONLINE{4poolrush,
	title = {4/5 Pool},
	urldate = {2013-12-04},
	url = {http://wiki.teamliquid.net/starcraft/4/5_Pool}
}